@article{becker1977,
	title={An economic analysis of marital instability},
	author={Becker, Gary S and Landes, Elisabeth M and Michael, Robert T},
	journal={The journal of political economy},
	pages={1141--1187},
	year={1977},
	publisher={JSTOR}
}
@article{marinescu2016,
  title={Divorce: What does learning have to do with it?},
  author={Marinescu, Ioana},
  journal={Labour Economics},
  volume={38},
  pages={90--105},
  year={2016},
  publisher={Elsevier}
}

@article{lillard1995,
	title={Pre-marital Cohabitation and Subsequent Marital Dissolution: A Matter of Self-Selection?},
	author={Lillard, Lee A and Brien, Michael J and Waite, Linda J},
	journal={Demography},
	volume={32},
	number={3},
	pages={437--457},
	year={1995},
	publisher={Springer}
}

@article{brien2006,
	title={Cohabitation, marriage, and divorce in a model of match quality},
	author={Brien, Michael J and Lillard, Lee A and Stern, Steven},
	journal={International Economic Review},
	volume={47},
	number={2},
	pages={451--494},
	year={2006},
	publisher={Wiley Online Library}
}

@article{svarer2004,
	title={Is your love in vain? Another look at premarital cohabitation and divorce},
	author={Svarer, Michael},
	journal={Journal of Human Resources},
	volume={39},
	number={2},
	pages={523--535},
	year={2004},
	publisher={University of Wisconsin Press}
}

@Book{becker1981,
  author={Gary S. Becker},
  title={{A Treatise on the Family}},
  publisher={National Bureau of Economic Research, Inc},
  year=1981,
  month={September},
  volume={},
  number={beck81-1},
  series={NBER Books},
  edition={},
  keywords={},
  doi={},
  isbn={ARRAY(0x64572dd0)},
}
@article{gemici2014,
	title={Marriage and cohabitation},
	author={Gemici, Ahu and Laufer, Steve},
	year={2014},
	 note    = {"Working paper"}
}

@article{adamopoulou2010,
	title={Will you “quasi-marry” me? The rise of cohabitation and decline of marriages},
	author={Adamopoulou, Effrosyni},
	year={2010},
	note    = {"Working paper"}
}

@article{reinhold2010,
  title={Reassessing the link between premarital cohabitation and marital instability},
  author={Reinhold, Steffen},
  journal={Demography},
  volume={47},
  number={3},
  pages={719--733},
  year={2010},
  publisher={Springer}
}

@article{jovanovic1979,
  title={Job matching and the theory of turnover},
  author={Jovanovic, Boyan},
  journal={The Journal of Political Economy},
  pages={972--990},
  year={1979},
  publisher={The University of Chicago Press}
}

@book{sargent2012,
  title={Recursive macroeconomic theory},
  author={Ljungqvist, Lars and Sargent, Thomas J},
  year={2012},
  publisher={MIT press}
}

@article{andersen1982,
  title={Cox's regression model for counting processes: a large sample study},
  author={Andersen, Per Kragh and Gill, Richard David},
  journal={The annals of statistics},
  pages={1100--1120},
  year={1982},
  publisher={JSTOR}
}

@article{fine1999,
  title={A proportional hazards model for the subdistribution of a competing risk},
  author={Fine, Jason P and Gray, Robert J},
  journal={Journal of the American statistical association},
  volume={94},
  number={446},
  pages={496--509},
  year={1999},
  publisher={Taylor \& Francis Group}
}

@article{lundberg2016,
  title={Family Inequality: Diverging Patterns in Marriage, Cohabitation, and Childbearing},
  author={Lundberg, Shelly and Pollak, Robert A and Stearns, Jenna},
  journal={The Journal of Economic Perspectives},
  volume={30},
  number={2},
  pages={79--101},
  year={2016},
  publisher={American Economic Association}
}
@article{cigno2012,
  title={Marriage as a commitment device},
  author={Cigno, Alessandro},
  journal={Review of Economics of the Household},
  volume={10},
  number={2},
  pages={193--213},
  year={2012},
  publisher={Springer}
}
@article{schramm2006,
  title={Individual and social costs of divorce in Utah},
  author={Schramm, David G},
  journal={Journal of Family and Economic Issues},
  volume={27},
  number={1},
  pages={133--151},
  year={2006},
  publisher={Springer}
}

@article{greenwood2016technology,
  title={Technology and the changing family: A unified model of marriage, divorce, educational attainment, and married female labor-force participation},
  author={Greenwood, Jeremy and Guner, Nezih and Kocharkov, Georgi and Santos, Cezar},
  journal={American Economic Journal: Macroeconomics},
  volume={8},
  number={1},
  pages={1--41},
  year={2016},
  publisher={American Economic Association}
}
@book{bowman2010,
  title={Unmarried couples, law, and public policy},
  author={Bowman, Cynthia Grant},
  year={2010},
  publisher={Oxford University Press, USA}
}

@book{thornton2008,
  title={Marriage and cohabitation},
  author={Thornton, Arland and Axinn, William G and Xie, Yu},
  year={2008},
  publisher={University of Chicago Press}
}

@article{fernandez2014,
  title={From Shame to Game in One Hundred Years: An Economic Model of the Rise in Premarital Sex and its De-Stigmatization},
  author={Fern{\'a}ndez-Villaverde, Jes{\'u}s and Greenwood, Jeremy and Guner, Nezih},
  journal={Journal of the European Economic Association},
  volume={12},
  number={1},
  pages={25--61},
  year={2014},
  publisher={Wiley Online Library}
}

@article{baudin2015,
  title={Fertility and childlessness in the United States},
  author={Baudin, Thomas and De La Croix, David and Gobbi, Paula E},
  journal={The American Economic Review},
  volume={105},
  number={6},
  pages={1852--1882},
  year={2015},
  publisher={American Economic Association}
}

@article{voena2015,
  title={Yours, Mine, and Ours: Do Divorce Laws Affect the Intertemporal Behavior of Married Couples?},
  author={Voena, Alessandra},
  journal={The American Economic Review},
  volume={105},
  number={8},
  pages={2295--2332},
  year={2015},
  publisher={American Economic Association}
}

@article{bergstrom1993,
  title={Courtship as a waiting game},
  author={Bergstrom, Theodore C and Bagnoli, Mark},
  journal={Journal of political economy},
  volume={101},
  number={1},
  pages={185--202},
  year={1993},
  publisher={The University of Chicago Press}
}

@article{jenkins1995,
  title={Easy estimation methods for discrete-time duration models},
  author={Jenkins, Stephen P},
  journal={Oxford bulletin of economics and statistics},
  volume={57},
  number={1},
  pages={129--136},
  year={1995},
  publisher={Wiley Online Library}
}

@article{perelli2016,
  title={Partnership patterns in the United States and across Europe: the role of education and country context},
  author={Perelli-Harris, Brienna and Lyons-Amos, Mark},
  journal={Social Forces},
  volume={95},
  number={1},
  pages={251--282},
  year={2016},
  publisher={Oxford University Press}
}

@article{bumpass2000,
  title={Trends in cohabitation and implications for children s family contexts in the United States},
  author={Bumpass, Larry and Lu, Hsien-Hen},
  journal={Population studies},
  volume={54},
  number={1},
  pages={29--41},
  year={2000},
  publisher={Taylor \& Francis}
}

@article{lichter2010,
  title={National estimates of the rise in serial cohabitation},
  author={Lichter, Daniel T and Turner, Richard N and Sassler, Sharon},
  journal={Social Science Research},
  volume={39},
  number={5},
  pages={754--765},
  year={2010},
  publisher={Elsevier}
}

@article{cox1972,
  title={Regression Models and Life-Tables},
  author={Cox, DR},
  journal={Journal of the Royal Statistical Society. Series B (Methodological)},
  volume={34},
  number={2},
  pages={187--220},
  year={1972}
}

@article{mazzocco2017l,
  title={Labor supply, wealth dynamics, and marriage decisions},
  author={Mazzocco, Maurizio and Ruiz, Claudia and Yamaguchi, Shintaro},
  journal={UCLA CCPR Population Working Papers},
  year={2017}
}

@article{chiappori1997,
  title={Introducing household production in collective models of labor supply},
  author={Chiappori, Pierre-Andre},
  journal={Journal of Political Economy},
  volume={105},
  number={1},
  pages={191--209},
  year={1997},
  publisher={The University of Chicago Press}
}

@article{kk1996,
  title={Implications of efficient risk sharing without commitment},
  author={Kocherlakota, Narayana R},
  journal={The Review of Economic Studies},
  volume={63},
  number={4},
  pages={595--609},
  year={1996},
  publisher={Wiley-Blackwell}
}

@article{ligon2002,
  title={Informal insurance arrangements with limited commitment: Theory and evidence from village economies},
  author={Ligon, Ethan and Thomas, Jonathan P and Worrall, Tim},
  journal={The Review of Economic Studies},
  volume={69},
  number={1},
  pages={209--244},
  year={2002},
  publisher={Wiley-Blackwell}
}

@article{marcet2017,
  title={Recursive contracts},
  author={Marcet, Albert and Marimon, Ramon},
  year={2017}
}

@article{mazzocco2007,
  title={Household intertemporal behaviour: A collective characterization and a test of commitment},
  author={Mazzocco, Maurizio},
  journal={The Review of Economic Studies},
  volume={74},
  number={3},
  pages={857--895},
  year={2007},
  publisher={Wiley-Blackwell}
}

@book{kind2018,
  title={Introduction to Computational Economics Using Fortran},
  author={Fehr, Hans and Kindermann, Fabian},
  year={2018},
  publisher={Oxford University Press}
}

@article{chang2006,
  title={From individual to aggregate labor supply: A quantitative analysis based on a heterogeneous agent macroeconomy},
  author={Chang, Yongsung and Kim, Sun-Bin},
  journal={International Economic Review},
  volume={47},
  number={1},
  pages={1--27},
  year={2006},
  publisher={Wiley Online Library}
}

@article{rigas2015,
  title={Capital Taxes, Labor Taxes and the Household},
  author={Oikonomou, Rigas and Siegel, Christian},
  journal={Journal of Demographic Economics},
  volume={81},
  number={3},
  pages={217--260},
  year={2015},
  publisher={Cambridge University Press}
}